\begin{thebibliography} {References}

% #########################################################################################

%################
% Energiezähler #
%################

@manual{datenblatt_ale3,
title = {Datenblatt Modbus ALE3},
date = {2010},
subtitle = {Energiezähler mit integrierter serieller Modbus-Schnittstelle},
organization = {Saia-Burgess Controls Ltd},
}

@manual{datenblatt_ald1,
title = {Datenblatt Modbus ALD1},
date = {2011},
subtitle = {Energiezähler mit integrierter serieller Modbus-Schnittstelle},
organization = {Saia-Burgess Controls Ltd},
}

% #########################################################################################

%################
% Raspberry Pi  #
%################

@online{raspberryPi_about,
author = {{Raspberry Pi Foundation}},
organization = {{Raspberry Pi Foundation}},
url = {http://www.raspberrypi.org/about},
title = {Raspberry Pi - About},
Urldate = {2014-01-16},
year = {2014},
}

@online{raspberryPi_faq,
author = {{Raspberry Pi Foundation}},
organization = {{Raspberry Pi Foundation}},
url = {http://www.raspberrypi.org/faqs},
title = {Raspberry Pi - FAQ},
Urldate = {2014-01-16},
year = {2014},
}

% #########################################################################################

%############
% Gnublin   #
%############

@online{gnublin_details,
author = {{Embedded Projects}},
organization = {{Embedded Projects}},
url = {http://en.gnublin.org/index.php/GNUBLIN-LAN},
title = {GNUBLIN-LAN - Wiki},
Urldate = {2013-10-03},
year = {2013},
}

% Übersicht über Gnublin Debian (Wiki)
@online{gnublin_debian,
author = {{Embedded Projects}},
organization = {{Embedded Projects}},
url = {http://wiki.gnublin.org/index.php/Gnublin_Debian},
title = {Gnublin Debian - Wiki},
Urldate = {2013-08-22},
year = {2013},
}

% 
@online{gnublin_debian_installer,
author = {{Embedded Projects}},
organization = {{Embedded Projects}},
url = {http://wiki.gnublin.org/index.php/Gnublin_Installer},
title = {Gnublin Debian Installer - Wiki},
Urldate = {2013-08-25},
year = {2013},
}

% #########################################################################################

%#############
% IC-Board   #
%#############

%  Datenblatt Spezifikation des ADB 4000

@online{ic_adb_4000_db,
author = {{IN-CIRCUIT}},
organization = {{IN-CIRCUIT}},
url = {http://wiki.in-circuit.de/images/b/bd/305000045A_ICnova_ADB4000.pdf},
title = {Datenblatt ICnova ADB4000},
Urldate = {2014-01-16},
year = {2010},
}


% Spezifikation des SAM9G45 SODIMM

@online{ic_SAM9G45_sodimm,
author = {{IN-CIRCUIT}},
organization = {{IN-CIRCUIT}},
url = {http://shop.in-circuit.de/products/Home/ICnova-CPU-Module/2/ICnova-SAM9G45-SODIMM},
title = {Spezifikation des SAM9G45 SODIMM},
Urldate = {2014-01-16},
year = {2014},
}


% Spezifikation des ADB

@online{ic_adb_4000_interface,
author = {{IN-CIRCUIT}},
organization = {{IN-CIRCUIT}},
url = {http://wiki.in-circuit.de/index.php5?title=ICnova_ADB4000},
title = {Spezifikation des ADB4000},
Urldate = {2014-01-16},
year = {2013},
}

% #########################################################################################

%############
% Modbus    #
%############

% Modbus-FAQ

@online{modbus_faq,
author = {{Modbus Organization}},
organization = {{Modbus Organization}},
url = {http://www.modbus.org/faq.php},
title = {Modbus FAQ},
Urldate = {2014-01-16},
year = {2013},
}

% Schnell Modbus Buch
@book{bussyteme,
title = {Bussysteme in der Automatisierungs- und Prozesstechnik - Grundlagen, 
Systeme und Anwendungen},
author = {Gerhard Schnell},
edition = {8},
publisher = {Springer Vieweg},
year = {2012}
}

% Schweniger Dipl Arbeit
@thesis{modbus_dipl_arbeit,
title = {Implementierung von Modbus auf einer SPS und Anwendungsfall 
"Positionsregler für Siebdruckmaschine" },
author = {Daniel Schwenninger},
type = {Diplomarbeit},
institution = {Fachhochschule Vorarlberg},
year = {2003}
}


% #########################################################################################

% ###########
% Python 	#
% ###########

% Why is Python a dynamic language and also a strongly typed language
@online{python_typed_lang,
author = {{Python Software Foundation}},
organization = {{Python Software Foundation}},
url = {https://wiki.python.org/moin/Why%20is%20%20Python%20a%20dynamic%20language%20and%20also%20a%20strongly%20typed%20%20language},
title = {Why is Python a dynamic language and also a strongly typed language},
Urldate = {2013-10-04},
year = {2013},
}

% The History of Python
@online{python_history,
author = {{Python Software Foundation}},
organization = {{Python Software Foundation}},
url = {http://python-history.blogspot.co.at/2009/01/brief-timeline-of-python.html},
title = {The History of Python},
Urldate = {2013-10-04},
year = {2013},
}

% Python FAQ
@online{python_faq,
author = {{Python Software Foundation}},
organization = {{Python Software Foundation}},
url = {http://docs.python.org/3.3/faq/general.html#what-is-the-python-software-foundation},
title = {General Python FAQ},
Urldate = {2013-10-04},
year = {2013},
}

% Python2orPython3
@online{python2_or_python3,
author = {{Python Software Foundation}},
organization = {{Python Software Foundation}},
url = {https://wiki.python.org/moin/Python2orPython3},
title = {Python2orPython3},
Urldate = {2013-10-04},
year = {2013},
}

% About Python
@online{about_python,
author = {{Python Software Foundation}},
organization = {{Python Software Foundation}},
url = {http://www.python.org/getit/},
title = {About Python},
Urldate = {2013-10-06},
year = {2013},
}

% Python3 vs C gcc 
@online{python_vs_c,
author = {{The Computer Language  Benchmarks Game}},
organization = {{The Computer Language  Benchmarks Game}},
url = {http://benchmarksgame.alioth.debian.org/u32/benchmark.php?test=all&lang=python3&lang2=gcc&data=u32},
title = {Python3 vs C gcc },
Urldate = {2014-01-17},
year = {2014},
}

% pypy speedtest
@online{pypy_speedtest,
author = {{pypy.org}},
organization = {{pypy.org}},
url = {http://speed.pypy.org/},
title = {How fast is PyPy?},
Urldate = {2014-01-17},
year = {2014},
}

% ctypes
@online{ctypes,
author = {{Python Software Foundation}},
organization = {{Python Software Foundation}},
url = {http://docs.python.org/3.3/library/ctypes.html?%20highlight=ctypes#ctypes},
title = {ctypes — A foreign function library for Python},
Urldate = {2013-10-06},
year = {2013},
}

% #########################################################################################

% ###########
% RRDtool 	#
% ###########

@online{rrd_tool,
author = {Tobias Oetiker},
title = {About RRDtool},
url = {http://oss.oetiker.ch/rrdtool/},
organization = {OETIKER+PARTNER AG },
year = {2013},
urldate = {2014-01-22},
}


% #########################################################################################

\end{thebibliography}
